@article{chap_1_article:1,
author = {C. Stauffer and W. E. L. Grimson},
year = {1999},
pages = {252},
title = {Adaptive background mixture models for real-time tracking, in Computer Vision and Pattern Recognition},
volume = {2},
journal = {IEEE Computer Society Conference on, Fort Collins}
}

@article{chap_1_article:2,
author = {Wang, Hai and Yu, Yijie and Cai, Yingfeng and Chen, Long and Chen, Xiaobo},
year = {2018},
month = {11},
pages = {4109},
title = {A Vehicle Recognition Algorithm Based on Deep Transfer Learning with a Multiple Feature Subspace Distribution},
volume = {18},
journal = {Sensors},
doi = {10.3390/s18124109}
}

@article{chap_2_article:1,
author = {{L.G. Roberts}},
title = {Machine perception of three-dimensional solids},
year = {1963},
}

@book{chap_2_article:2,
author = {Stephen E. Palmer},
title = {Vision Science -- Photons to Phenomenology},
edition = {1st},
year={1999},
}


@article{chap_2_article:3,
author = {David G. Lowe},
title = {Three-Dimensional Object Recognition from Single
Two-Dimensional Images},
year = {1987},
}


@article{chap_2_article:4,
author = {David G. Lowe},
title = {Distinctive Image Features
from Scale-Invariant Keypoints},
year = {2004},
}


@article{chap_2_article:5,
author = {Alex Krizhevsky, Ilya Sutskever and Geoffrey E. Hinton},
title = {ImageNet Classification with Deep Convolutional
Neural Networks},
year = {2012},
}

@book{chap_2_article:6,
author = {Li Tan and Jean Jiang},
title = {Image basics Digital signal Processing Fundamentals \& Applications},
edition = {2nd},
year={2013},
}

@book{chap_2_article:7 ,
author = {Steven W. Smith},
title = {The Engineers \& scientists guide to Digital Signal Processing},
edition = {2nd},
year={1999},
}

@article{chap_2_article:8,
author = {Nursabillilah Mohd AliI, Soon Wei Jun and others},
title = {Object Classification and Recognition using
Bag-of-Words (BoW) Model },
year = {4 - 6 March 2016},
}


@article{chap_2_article:9,
author = {Asifullah Khan and Anabia Sohail and others},
title = {A Survey of the Recent Architectures of Deep Convolutional Neural Networks },
}

@article{chap_2_article:10,
author = {Yann LeCun and LÃ©eon Bottou and Yoshua Bengio and Patrick Haffner},
title = {Gradient-Based Learning Applied to Document Recognition },
year = {1998},
}

@article{chap_2_article:11,
author = {Matthew D. Zeiler and Rob Fergus},
title = {Visualizing and Understanding Convolutional Networks },
year = {2013},
}

@article{chap_2_article:12,
author = {Christian Szegedy and Wei Liu and others},
title = {Going deeper with convolutions},
year = {2014},
}

@article{chap_2_article:13,
author = {Karen Simonyan and Andrew Zisserman},
title = {VERY DEEP CONVOLUTIONAL NETWORKS FOR LARGE-SCALEIMAGE
RECOGNITION},
year = {2015},
}

@article{chap_2_article:14,
author = {Kaiming He and Xiangyu Zhang and others},
title = {Deep Residual Learning for Image Recognition},
year = {2015},
}



@article{chap_3_article:1,
author = {Manish Mishra and Monika Srivastava},
title = {A view of Artificial Neural Network},
year = {1-2 Aug.2014},
}

@article{chap_3_article:2,
author = {O'Shea, Keiron and Nash, Ryan},
year = {2015},
month = {11},
pages = {},
title = {An Introduction to Convolutional Neural Networks},
journal = {ArXiv e-prints}
}

@article{chap_3_article:3,
author = {Jiuxiang Gua and Zhenhua Wangb and others},
title = {Recent Advances in Convolutional Neural Networks},
volume = {6},
year = {2017},
}

@article{chap_3_article:4,
title = "Conceptual Understanding of Convolutional Neural Network- A Deep Learning Approach",
journal = "Procedia Computer Science",
volume = "132",
pages = "679 - 688",
year = "2018",
note = "International Conference on Computational Intelligence and Data Science",
issn = "1877-0509",
author = "Sakshi Indolia and Anil Kumar Goswami and S.P. Mishra and Pooja Asopa",
keywords = "Convolution Neural Network, Deep Neural Network, Gradient Descent, ADAM",}

@article{chap_3_article:5,
author = {Olgac, A and Karlik, Bekir},
year = {2011},
month = {02},
pages = {111-122},
title = {Performance Analysis of Various Activation Functions in Generalized MLP Architectures of Neural Networks},
volume = {1},
journal = {International Journal of Artificial Intelligence And Expert Systems}
}

@article{chap_3_article:6,
author = {Dominik Scherer and Andreas M\"{u}ller and Sven Behnke},
title = {Evaluation of Pooling Operations in
Convolutional Architectures for Object
Recognition
},
year = {2010},
}

@article{chap_5_article:1,
author = {Redmon, Joseph and Divval, Santosh and Ross Girshick and Ali Farhadi},
year = {2016},
month = {06},
pages = {779-788},
title = {You Only Look Once: Unified, Real-Time Object Detection},
doi = {10.1109/CVPR.2016.91}
}

@article{chap_5_article:2,
author = {Joseph Redmon and Santosh Divvala and Ali Farhadi},
year = {2016},
month = {12},
pages = {},
title = {YOLO9000: Better, Faster, Stronger}
}

@article{chap_5_article:3,
author = {Joseph Redmon and Santosh Divvala and Ali Farhadi},
year = {2018},
month = {04},
pages = {},
title = {YOLOv3: An Incremental Improvement}
}
